<?xml version="1.0" encoding="UTF-8"?><collection xmlns="http://www.loc.gov/MARC21/slim"><record><leader>00405nam--2200133-i-4500</leader><controlfield tag="001">000041004</controlfield><controlfield tag="002">20161230</controlfield><controlfield tag="005">20161230201042</controlfield><controlfield tag="008">060222s1000------------r-----000-0-eng-d</controlfield><datafield ind1=" " ind2=" " tag="080"><subfield code="a">621.039.8:54.02</subfield></datafield><datafield ind1=" " ind2=" " tag="245"><subfield code="a">Selected reference material on atomic energy. vol.vii: eight-year isotope summary</subfield></datafield><datafield ind1=" " ind2=" " tag="260"><subfield code="a">Geneva, United States Atomic Energy Program, 1955</subfield></datafield><datafield ind1=" " ind2=" " tag="852"><subfield code="a">38352</subfield></datafield><datafield ind1=" " ind2=" " tag="CAT"><subfield code="a">Sys</subfield><subfield code="c">20130401</subfield><subfield code="h">180622</subfield></datafield></record></collection>